@online{kdnug,
  author = {Matthew Mayo},
  title = {{Building a Wikipedia Text Corpus for Natural Language Processing}},
  howpublished = "\url{https://www.kdnuggets.com/2017/11/building-wikipedia-text-corpus-nlp.html}",
  year = {2017}, 
  note = "[Online; accessed 01-May-2023]"
}


@online{wkpd,
  author = {Wikipedia},
  title = {{Wikipedia special exports}},
  howpublished = "\url{https://en.wikipedia.org/wiki/Special:Export}",
  year = {2023}, 
  note = "[Online; accessed 01-May-2023]"
}

@inproceedings{rehurek_lrec,
      title = {{Software Framework for Topic Modelling with Large Corpora}},
      author = {Radim {\v R}eh{\r u}{\v r}ek and Petr Sojka},
      booktitle = {{Proceedings of the LREC 2010 Workshop on New
           Challenges for NLP Frameworks}},
      pages = {45--50},
      year = 2010,
      month = May,
      day = 22,
      publisher = {ELRA},
      address = {Valletta, Malta},
      language={English}
}